@MISC{Johnson2020,
  title        = {AI research finds a `compute divide' concentrates power and accelerates inequality in the era of deep learning},
  publisher    = {VentureBeat},
  author       = {Johnson, Khari},
  abstract     = {Big Tech and elite universities are working together more often, accelerating inequality and crowding out lower-tier universities.},
  month        =  nov,
  year         =  2020,
  howpublished = {https://venturebeat.com/2020/11/11/ai-research-finds-a-compute-divide-concentrates-power-and-accelerates-inequality-in-the-era-of-deep-learning/.},
  note         = {Accessed: 2022-4-18},
  language     = {en}
}

@MISC{Argerich2020,
  author = {Argerich, Mauricio Fadel},
  title = {When to Use Reinforcement Learning (and When Not to).},
  publisher = {Medium},
  month = {May},
  year = {2020},
  url = {https://medium.com/swlh/when-to-use-reinforcement-learning-and-when-not-to-919557dd34a}
}

@misc{Ahmed2020,
  doi = {10.48550/ARXIV.2010.15581},
  url = {https://arxiv.org/abs/2010.15581},
  author = {Ahmed, Nur and Wahed, Muntasir},
  keywords = {Computers and Society (cs.CY), Machine Learning (cs.LG), FOS: Computer and information sciences, FOS: Computer and information sciences},
  title = {The De-democratization of AI: Deep Learning and the Compute Divide in Artificial Intelligence Research},
  publisher = {arXiv},
  year = {2020},
  copyright = {Creative Commons Attribution 4.0 International}
}

@ARTICLE{Knight2018,
  title   = "One of the fathers of {AI} is worried about its future",
  author  = "Knight, W",
  journal = "MIT Technology Review",
  year    =  2018
}

@MISC{Kurenkov2021,
  title        = "{GPT-3} is no longer the only game in town",
  publisher    = "Last Week in AI",
  author       = "Kurenkov, Andrey",
  abstract     = "GPT-3 was by far the largest AI model of its kind last year.
                  Now? Not so much.",
  month        =  Nov,
  year         =  2021,
  howpublished = "\url{https://lastweekin.ai/p/gpt-3-is-no-longer-the-only-game?s=r.}",
  note         = "Accessed: 2022-4-18"
}

@MISC{Schmelzer2021,
  author = {Schmelzer, Ronald},
  title = {What Is GPT-3? Everything You Need to Know.},
  publisher = {SearchEnterpriseAI},
  organization = {TechTarget},
  month = Jun,
  year = 2021,
  url = {https://www.techtarget.com/searchenterpriseai/definition/GPT-3.}
}

@MISC{Cohen2019,
  author = {Cohen, Vanya},
  title = {OpenGPT-2: We Replicated GPT-2 Because You Can Too.},
  publisher = {Medium},
  month = Dec,
  year = 2019, 
  url = {https://medium.com/@vanya_cohen/opengpt-2-we-replicated-gpt-2-because-you-can-too-45e34e6d36dc.}
}

@MISC{Harari2018,
  title        = "Why technology favors tyranny",
  publisher    = "The Atlantic",
  author       = "Harari, Yuval Noah",
  abstract     = "Artificial intelligence could erase many practical advantages
                  of democracy, and erode the ideals of liberty and equality.
                  It will further concentrate power among a small elite if we
                  don't take steps to stop it.",
  month        =  Aug,
  year         =  2018,
  howpublished = "\url{https://www.theatlantic.com/magazine/archive/2018/10/yuval-noah-harari-technology-tyranny/568330/.}",
  note         = "Accessed: 2022-4-18",
  language     = "en"
}

@MISC{Vynck2021,
  author = {Vynck, Gerrit De.},
  title = {The U.S. Says Humans Will Always Be in Control of AI Weapons. but the Age of Autonomous War Is Already Here.},
  publisher = {The Washington Post},
  organization = {WP Company},
  month = Aug,
  year = 2021,
  url = {https://www.washingtonpost.com/technology/2021/07/07/ai-weapons-us-military/.}
}

@MISC{Maxwell2020,
  title        = "Artificial intelligence is the future of warfare (just not in
                  the way you think)",
  booktitle    = "Modern War Institute",
  author       = "Maxwell, Paul",
  abstract     = "Artificial intelligence is among the many hot technologies
                  that promise to change the face of warfare for years to come.
                  Articles abound that describe its possibilities and warn
                  those who fall behind in the AI race. The Department of
                  Defense has duly created the Joint Artificial Intelligence
                  Center in the hopes of winning the AI [â€¦]",
  month        =  Apr,
  year         =  2020,
  howpublished = "\url{https://mwi.usma.edu/artificial-intelligence-future-warfare-just-not-way-think/.}",
  note         = "Accessed: 2022-4-18",
  language     = "en"
}

@MISC{Basic2022,
  title        = "Basic research",
  author       = {Office of the Under Secretary of Defense for Research \& Engineering},
  abstract     = "The official website for the DoD Basic Research Office (BRO)",
  howpublished = "\url{https://basicresearch.defense.gov/About/.}",
  note         = "Accessed: 2022-4-18",
  language     = "en"
}

@MISC{Vynck2022,
  author = {Vynck, Gerrit De},
  title = {Exploding 'Kamikaze' Drones Are Ushering in a New Era of Warfare in Ukraine.},
  publisher = {The Washington Post},
  organization = {WP Company},
  month = Mar,
  year = 2022,
  url = {https://www.washingtonpost.com/technology/2022/03/24/loitering-drone-ukraine/.}
}

@MISC{Shead2018,
  title        = "{AI} bots join forces to beat top human Dota 2 team",
  booktitle    = "Forbes",
  author       = "Shead, Sam",
  abstract     = "OpenAI has developed an AI called OpenAI Five that just took
                  on some of the best Dota 2 players in the world and won 2-1.",
  month        =  aug,
  year         =  2018,
  howpublished = "\url{https://www.forbes.com/sites/samshead/2018/08/06/elon-musk-openai-bots-dota-2/?sh=28a09237494c.}",
  note         = "Accessed: 2022-4-18",
  language     = "en"
}

@MISC{Strens2001,
  authro = {Strens, Malcolm},
  title = {Reinforcement Learning Methods for Military Applications.},
  publisher = {Defence Evaluation and Research Agency},
  organization = {Centre for Robotics and Machine Vision Future Systems Technology Division Defence Evaluation \& Research Agency U.K},
  month = Feb,
  year = 2001,
  url = {http://www.cs.cmu.edu/~learning/talks-2001/01-02-19.strens.slides.pdf.}
}

@MISC{Rabkina2019,
  title={Analogical Reasoning for Intent Recognition and Action Prediction in Multi-Agent Systems},
  author={Irina Rabkina and Kenneth D. Forbus},
  year={2019}
}

@book {Kendi2019,
	title = {How to Be an Antiracist},
	year = {2019},
	publisher = {One World},
	organization = {One World},
	address = {New York, NY},
	isbn = {978-0-525-50928-8},
	url = {http://id.lib.harvard.edu/alma/99153817195503941/catalog},
	author = {Ibram X. Kendi}
}

@book{Benjamin2020,
  author = {Benjamin, Ruha},
  title = {Race after technology abolitionist tools for the new jim code},
  publisher = {Polity},
  year = 2020
}

@MISC{Benjamin2021,
  author = {Benjamin, Ruha},
  title = {Algorithms of Oppression: How Search Engines Reinforce Racism.},
  booktitle = {Encoding Futures: Critical Imaginaries of AI},
  publisher = {Occidental College},
  month = Sep,
  year = 2021,
  note = {Lecture}
}
