% ORDERED IN REVERSE CHRONOLOGICAL ORDER

% 2022
@article{Basu2022,
    AUTHOR = {Basu, Treena and Menzer, Olaf and Ward, Joshua and SenGupta, Indranil},
    TITLE = {A Novel Implementation of Siamese Type Neural Networks in Predicting Rare Fluctuations in Financial Time Series},
    JOURNAL = {Risks},
    VOLUME = {10},
    YEAR = {2022},
    NUMBER = {2},
    ARTICLE-NUMBER = {39},
    URL = {https://www.mdpi.com/2227-9091/10/2/39},
    ISSN = {2227-9091},
    DOI = {10.3390/risks10020039}
}

% 2021
@article{Zhu2021,
	author = {Zhu, Yitan and Brettin, Thomas and Xia, Fangfang and Partin, Alexander and Shukla, Maulik and Yoo, Hyunseung and Evrard, Yvonne A. and Doroshow, James H. and Stevens, Rick L.},
	date = {2021},
	day = {31},
	month = {5},
	date-added = {2022-03-06 20:53:56 -0800},
	date-modified = {2022-03-06 20:53:56 -0800},
	doi = {10.1038/s41598-021-90923-y},
	id = {Zhu2021},
	isbn = {2045-2322},
	journal = {Scientific Reports},
	number = {1},
	pages = {11325},
	title = {Converting tabular data into images for deep learning with convolutional neural networks},
	url = {https://doi.org/10.1038/s41598-021-90923-y},
	volume = {11},
	year = {2021},
	bdsk-url-1 = {https://doi.org/10.1038/s41598-021-90923-y}
}

% 2020
@article {Buturovic2020,
	author = {Buturovi{\'c}, Ljubomir and Miljkovi{\'c}, Dejan},
	title = {A novel method for classification of tabular data using convolutional neural networks},
	elocation-id = {2020.05.02.074203},
	year = {2020},
	doi = {10.1101/2020.05.02.074203},
	publisher = {Cold Spring Harbor Laboratory},
	URL = {https://www.biorxiv.org/content/early/2020/05/03/2020.05.02.074203},
	eprint = {https://www.biorxiv.org/content/early/2020/05/03/2020.05.02.074203.full.pdf},
	journal = {bioRxiv}
}

@article{Bazgir2020,
	author = {Bazgir, Omid and Zhang, Ruibo and Dhruba, Saugato Rahman and Rahman, Raziur and Ghosh, Souparno and Pal, Ranadip},
	date = {2020},
	month = {09},
	day = {01},
	date-added = {2022-03-06 21:16:38 -0800},
	date-modified = {2022-03-06 21:16:38 -0800},
	doi = {10.1038/s41467-020-18197-y},
	id = {Bazgir2020},
	isbn = {2041-1723},
	journal = {Nature Communications},
	number = {1},
	pages = {4391},
	title = {Representation of features as images with neighborhood dependencies for compatibility with convolutional neural networks},
	url = {https://doi.org/10.1038/s41467-020-18197-y},
	volume = {11},
	year = {2020},
	bdsk-url-1 = {https://doi.org/10.1038/s41467-020-18197-y}
}

@article{Sharma2020,
  title={Classification with 2-D Convolutional Neural Networks for breast cancer diagnosis},
  author={Anuraganand Sharma and Dinesh Kumar},
  journal={ArXiv},
  year={2020},
  volume={abs/2007.03218}
}
	
% 2019
@article{Sharma2019,
	author = {Sharma, Alok and Vans, Edwin and Shigemizu, Daichi and Boroevich, Keith A. and Tsunoda, Tatsuhiko},
	date = {2019/08/06},
	date-added = {2022-03-06 20:55:12 -0800},
	date-modified = {2022-03-06 20:55:12 -0800},
	doi = {10.1038/s41598-019-47765-6},
	id = {Sharma2019},
	isbn = {2045-2322},
	journal = {Scientific Reports},
	number = {1},
	pages = {11399},
	title = {DeepInsight: A methodology to transform a non-image data to an image for convolution neural network architecture},
	url = {https://doi.org/10.1038/s41598-019-47765-6},
	volume = {9},
	year = {2019},
	bdsk-url-1 = {https://doi.org/10.1038/s41598-019-47765-6}
}

@article{Sun2019,
  title={SuperTML: Two-Dimensional Word Embedding and Transfer Learning Using ImageNet Pretrained CNN Models for the Classifications on Tabular Data},
  author={Baohua Sun and Lin Yang and Wenhan Zhang and Michael Lin and Patrick Dong and Charles Young and Jason Dong},
  journal={ArXiv},
  year={2019},
  volume={abs/1903.06246}
}

% non-essential supplementary reference
@article{Wang2019,
  author = {Qilong Wang and Jiangtao Xie and Wangmeng Zuo and Lei Zhang and Peihua Li},
  title = {Deep CNNs Meet Global Covariance Pooling: Better Representation and Generalization},
  journal = {CoRR},
  volume = {abs/1904.06836},
  year = {2019},
  url = {http://arxiv.org/abs/1904.06836},
  eprinttype = {arXiv},
  eprint = {1904.06836},
  timestamp = {Thu, 27 Jan 2022 17:10:23 +0100},
  biburl = {https://dblp.org/rec/journals/corr/abs-1904-06836.bib},
  bibsource = {dblp computer science bibliography, https://dblp.org}
}

% non-essential supplementary reference
@book{Navamani2019,
  title = {Chapter 7 - Efficient Deep Learning Approaches for Health Informatics},
  editor = {Arun Kumar Sangaiah},
  booktitle = {Deep Learning and Parallel Computing Environment for Bioengineering Systems},
  publisher = {Academic Press},
  pages = {123-137},
  year = {2019},
  isbn = {978-0-12-816718-2},
  doi = {https://doi.org/10.1016/B978-0-12-816718-2.00014-2},
  url = {https://www.sciencedirect.com/science/article/pii/B9780128167182000142},
  author = {T.M. Navamani},
  keywords = {Deep learning, Data analytics, Features learning, Biomedical data, Health informatics},
}

% 2018
@article{Ma2018,
  title={OmicsMapNet: Transforming omics data to take advantage of Deep Convolutional Neural Network for discovery},
  author={Shiyong Ma and Zhen Zhang},
  journal={ArXiv},
  year={2018},
  volume={abs/1804.05283}
}

% 2017
@article{Hatami2017,
  author = {Nima Hatami and Yann Gavet and Johan Debayle},
  title = {Classification of Time-Series Images Using Deep Convolutional Neural Networks},
  journal = {CoRR},
  volume = {abs/1710.00886},
  year = {2017},
  url = {http://arxiv.org/abs/1710.00886},
  eprinttype = {arXiv},
  eprint = {1710.00886},
  timestamp = {Mon, 13 Aug 2018 16:48:19 +0200},
  biburl = {https://dblp.org/rec/journals/corr/abs-1710-00886.bib},
  bibsource = {dblp computer science bibliography, https://dblp.org}
}

% 2015
@article{Wang2015,
  title={Imaging Time-Series to Improve Classification and Imputation},
  author={Zhiguang Wang and Tim Oates},
  journal={ArXiv},
  year={2015},
  volume={abs/1506.00327}
}

\begin{comment}
Graph of the papers in relation to each other. Gathered starting from Buturovic2020 and Basu 2022 and looking through the references until no relevant papers (papers with relevant criteria in the title) were found.
Wang2015 -> [] % multiple datasets, time-series
Hatami2017 -> [Wang2015] % unknown dataset from UCR time-series archive
Ma2018 -> [] % gene expression data
Sharma2019 -> [] % RNA-sequence, vowels, text, and artificial datasets
Sun2019 -> [] % multiple datasets
Bazgir2020 -> [Ma2018]  % drug and chemical data
Sharma2020 -> [] % tabular data on breast cancer
Buturovic2020 -> [Sharma2019] % gene expression data
Zhu2021 -> [Ma2018, Sharma2019, Bazgir2020] % gene expression data
Bazu2022 -> [Wang2015, Hatami2017, Sharma2019, Sun2019, Buturovic2020, Sharma2020] % financial data
\end{comment}